<?xml version="1.0" encoding="UTF-8"?><collection xmlns="http://www.loc.gov/MARC21/slim"><record><leader>00359nam--2200133-i-4500</leader><controlfield tag="001">000029653</controlfield><controlfield tag="002">20161230</controlfield><controlfield tag="005">20161230201037</controlfield><controlfield tag="008">060222s1000------------r-----000-0-eng-d</controlfield><datafield ind1=" " ind2=" " tag="080"><subfield code="a">546.293(043)</subfield></datafield><datafield ind1=" " ind2=" " tag="100"><subfield code="a">Lagrance,  Robert</subfield></datafield><datafield ind1=" " ind2=" " tag="245"><subfield code="a">Proprietes anelastiques de l`argon solide.these</subfield></datafield><datafield ind1=" " ind2=" " tag="260"><subfield code="a">Grenoble, Universite Scientifique, 1972. 49p</subfield></datafield><datafield ind1=" " ind2=" " tag="852"><subfield code="a">78149</subfield></datafield></record></collection>